@misc{algorithms,
    title = "Fundamentals of Algorithms",
    howpublished = "\url{http://www.geeksforgeeks.org/fundamentals-of-algorithms/}"
}

@misc{selectiverepeat,
    title = "Fundamentals of Algorithms",
    howpublished = "\url{http://webmuseum.mi.fh-offenburg.de/index.php?view=exh&src=73}"
}

@misc{selectiverepeat1,
	title = "Selective Repeat",
	howpublished = "\url{http://www.eecis.udel.edu/~amer/450/TransportApplets/SR/SRindex.html}"
}

@misc{srgobackn,
	title = "Selective Repeat & Go Back N",
	howpublished = "\url{http://www.ccs-labs.org/teaching/rn/animations/gbn_sr/}"
}
@misc{

}
@misc{interpolsearch,
    title = "Interpolation Search",
    howpublished = "\url{http://en.wikipedia.org/wiki/Interpolation_search}"
}

@book{patterson2013computer,
  title={Computer organization and design: the hardware/software interface},
  author={Patterson, David A and Hennessy, John L},
  year={2013},
  publisher={Newnes}
}

@article{ullman1979introduction,
  title={Introduction to automata theory, languages, and computation},
  author={Ullman, Jeffrey D},
  journal={Addison Wesley Publishing Company, USA., ISBN},
  volume={10},
  pages={020102988X},
  year={1979}
}